% Encoding: UTF-8
@book{williams1989style,
  title={Style: Ten lessons in clarity and grace},
  author={Williams, Joseph M and Nadel, Ira Bruce},
  year={1989},
  publisher={Scott, Foresman Glenview, IL}
}